@misc{key,
  author       = {National Institute of Standards and Technology},
  howpublished = {\url{https://nvlpubs.nist.gov/nistpubs/fips/nist.fips.197.pdf}},
  title        = {Specification for the ADVANCED ENCRYPTION STANDARD (AES)},
  year         = {2001}
}

@misc{key1,
  author       = {J.A. Muir},
  howpublished = {\url{https://eprint.iacr.org/2013/104.pdf}},
  title        = {A tutorial on white-box AES},
  year         = {2013}
}

@misc{key2,
  author       = {Olivier Billet, Henri Gilbert and Charaf Ech-Chatbi},
  howpublished = {\url{https://www.researchgate.net/publication/225241894_Cryptanalysis_of_a_White_Box_AES_Implementation}},
  title        = {Cryptanalysis of a White Box AES Implementation},
  year         = {2005}
}



